
@online{laravel_laravel_nodate,
	title = {Laravel - The {PHP} Framework For Web Artisans},
	url = {https://laravel.com/},
	abstract = {Laravel is a {PHP} web application framework with expressive, elegant syntax. We’ve already laid the foundation — freeing you to create without sweating the small things.},
	author = {{Laravel}},
	urldate = {2023-04-13},
	file = {Snapshot:C\:\\Users\\Kiro\\Zotero\\storage\\RVQ7GXDR\\10.html:text/html},
}

@online{landesmuseum_museumskonzept_2022,
	title = {Museumskonzept},
	url = {https://www.landesmuseum.de/museum/forschung-projekte/museumskonzept},
	author = {Landesmuseum, Badisches},
	urldate = {2023-02-05},
	date = {2022-11-24},
}

@incollection{monai_projekt_2018,
	location = {Berlin, Heidelberg},
	title = {Projekt Notfallinformationssystem ({NIS}): für Personen mit seltenen Erkrankungen},
	isbn = {978-3-662-56634-3},
	url = {https://doi.org/10.1007/978-3-662-56634-3_21},
	shorttitle = {Projekt Notfallinformationssystem ({NIS})},
	abstract = {Aufgrund seiner zwei an einer seltenen Stoffwechselkrankheit leidenden Kinder wurde von Bernhard Monai, dem Leiter der Wasserwirt Healthcare {GmbH}, das vorliegende Projekt ins Leben gerufen. Ziel des Projekts ist die Entwicklung eines Notfallinformationssystems ({NIS}), das das Rettungs- und Notarztteam in den ersten 30 Minuten eines Notfalles mit wichtiger Zusatzinformation für Patientinnen und Patienten mit seltenen Erkrankungen unterstützt. Der Rettungsdienst kann über einen am Notfallarmband gespeicherten Code wichtige Informationen aufrufen und erfährt den Namen der Krankheit sowie wichtige Maßnahmen für den Notfall. Fehlbehandlungen und Folgeschäden können damit vermieden werden. Die Informationen sind in einer Datenbank gespeichert. Das Notfallarmband ist als Schmuckstück designt. {NIS} hilft dem Notarztteam vor Ort, die Betroffenen adäquat und schnell zu behandeln. Die Betroffenen und ihre Angehörigen erhalten auf diese Weise Sicherheit, Unabhängigkeit und damit mehr Lebensqualität.},
	pages = {227--234},
	booktitle = {Zukunftswerkstatt Rettungsdienst: Innovative Projekte im Rettungs- und Notarztwesen},
	publisher = {Springer},
	author = {Monai, Bernhard and Zraunig, Birgit and Pirker, Magdalena},
	editor = {Neumayr, Agnes and Baubin, Michael and Schinnerl, Adolf},
	urldate = {2023-02-05},
	date = {2018},
	doi = {10.1007/978-3-662-56634-3_21},
}

@article{mikulic_critical_2011,
	title = {A critical review of techniques for classifying quality attributes in the Kano model},
	volume = {21},
	issn = {0960-4529},
	url = {https://doi.org/10.1108/09604521111100243},
	doi = {10.1108/09604521111100243},
	abstract = {Purpose – The purpose of this paper is: to review the most commonly used approaches to the classification of quality attributes according to the Kano model; to identify the theoretical/practical strengths and weaknesses of these techniques; and to provide guidance for future research and managerial practice in this area. Design/methodology/approach – Based on an extensive review of the literature on the Kano model and the relevant marketing/management literature, five approaches (Kano's method; “penalty‐reward contrast analysis”; “importance grid”; qualitative data methods; and “direct classification”) are evaluated in terms of their validity and reliability for categorising attributes in the Kano model. Several illustrative examples provide empirical evidence for the theoretical arguments advanced in the study. Findings – The Kano questionnaire and the direct‐classification method are the only approaches that are capable of classifying Kano attributes in the design stage of a product/service. Penalty‐reward contrast analysis ({PRCA}) is useful for assessing the impact of product/service attributes on overall satisfaction with a product/service, but its applicability to the classification of Kano attributes is questionable. The importance grid ({IG}) is not recommended for use with the Kano model. The critical incident technique and the analysis of complaints/compliments are valid for the Kano model, but have questionable reliability. Originality/value – The study makes some important points about accurate semantic terminology in describing issues related to the Kano model. In particular, researchers should be aware that an attractive quality element (must‐be quality element, respectively) might in fact be a dissatisfier (satisfier, respectively), due to significant conceptual differences between performance in terms of the Kano model (i.e. objective performance) and subjective performance perceptions.},
	pages = {46--66},
	number = {1},
	journaltitle = {Managing Service Quality: An International Journal},
	author = {Mikulić, Josip and Prebežac, Darko},
	urldate = {2023-02-05},
	date = {2011-01-01},
	keywords = {Classification, Critical incident technique, Customer satisfaction, Marketing models, Quality management},
}

@article{sauerwein_kano_1996,
	title = {The Kano Model: How to Delight Your Customers},
	volume = {1},
	shorttitle = {The Kano Model},
	journaltitle = {International Working Seminar on Production Economics},
	shortjournal = {International Working Seminar on Production Economics},
	author = {Sauerwein, Elmar and Bailom, Franz and Matzler, Kurt and Hinterhuber, Hans},
	date = {1996-01-01},
}

@online{sro_php_2022,
	title = {{PHP} Programming - The State of Developer Ecosystem in 2022 Infographic},
	url = {https://www.jetbrains.com/lp/devecosystem-2022},
	abstract = {The State of Developer Ecosystem 2022 is a detailed report about the programming community, which covers the latest trends in languages, tools, technologies, and lifestyles of developers.},
	author = {s.r.o, {JetBrains}},
	urldate = {2023-02-05},
	date = {2022},
}

@misc{qureshi_comparison_2014,
	title = {A comparison of model view controller and model view presenter},
	url = {http://arxiv.org/abs/1408.5786},
	abstract = {Web application frameworks are managed by using different design strategies. Design strategies are applied by using different design processes. In each design process, requirement specifications are changed in to different design model that describe the detail of different data structure, system architecture, interface and components. Web application frame work is implemented by using Model View Controller ({MVC}) and Model View Presenter ({MVP}). These web application models are used to provide standardized view for web applications. This paper mainly focuses on different design aspect of {MVC} and {MVP}. Generally we present different methodologies that are related to the implementation of {MVC} and {MVP} and implementation of appropriate platform and suitable environment for {MVC} and {MVP}.},
	publisher = {{arXiv}},
	author = {Qureshi, M. Rizwan Jameel and Sabir, Fatima},
	urldate = {2023-02-05},
	date = {2014-08-25},
	doi = {10.48550/arXiv.1408.5786},
	eprinttype = {arxiv},
	eprint = {1408.5786 [cs]},
	keywords = {Computer Science - Software Engineering},
}

@book{pitt_pro_2012,
	location = {Berkeley, {CA}},
	title = {Pro {PHP} {MVC}},
	isbn = {978-1-4302-4164-5 978-1-4302-4165-2},
	url = {http://link.springer.com/10.1007/978-1-4302-4165-2},
	publisher = {Apress},
	author = {Pitt, Chris},
	urldate = {2023-02-05},
	date = {2012},
	doi = {10.1007/978-1-4302-4165-2},
}

@incollection{olanrewaju_empirical_2015,
	title = {An Empirical Study of the Evolution of {PHP} {MVC} Framework},
	isbn = {978-3-319-07673-7},
	abstract = {Commercial, social and educational importance of web technology has tremendously increased research activities in web programming/scripting. Several methods for writing {PHP} codes such as Object Oriented Programming ({OOP}), Procedural {PHP} coding and Model View Controller ({MVC}) pattern have been proposed. Model View Controller ({MVC}) which is one of the most powerful method for developing {PHP} application has many variant such Laravel, Symfony, {CodeIgniter}, {CakePHP} etc. However, selection of best {MVC} framework among the variants is of concern to the programmers as well as project managers, especially when managing big applications. Hence, performance evaluation criterions are required. This paper discusses the {MVC} based most famous {PHP} frameworks, evaluate their performance and it was found that Laravel outperforms other {MVC} framework, hence Laravel is proposed as the most suitable {PHP} framework for future web technology.},
	pages = {399--410},
	author = {Olanrewaju, Rashidah and Islam, Thouhedul and Ali, Nor'Ashikin},
	date = {2015-01-01},
	doi = {10.1007/978-3-319-07674-4_40},
}

@online{google_angular_nodate,
	title = {Angular - What is Angular?},
	url = {https://angular.io/guide/what-is-angular},
	author = {{Google}},
	urldate = {2023-02-05},
}

@online{google_angular_nodate-1,
	title = {Angular - Introduction to components and templates},
	url = {https://angular.io/guide/architecture-components},
	author = {{Google}},
	urldate = {2023-02-05},
}

@online{google_angular_nodate-2,
	title = {Angular - Introduction to Angular concepts},
	url = {https://angular.io/guide/architecture},
	author = {{Google}},
	urldate = {2023-02-05},
}

@online{foundation_django_nodate,
	title = {Django overview},
	url = {https://www.djangoproject.com/start/overview/},
	abstract = {The web framework for perfectionists with deadlines.},
	author = {Foundation, Django Software},
	urldate = {2023-02-05},
}

@book{shaw_web_2021,
	location = {Birmingham},
	title = {Web development with Django: learn to build modern web applications with a Python-based framework},
	isbn = {978-1-83921-250-5},
	shorttitle = {Web development with Django},
	pagetotal = {775},
	publisher = {Packt Publishing},
	author = {Shaw, Ben and Badhwar, Saurabh and Bird, Andrew and S, Bharath Chandra K. and Guest, Chris},
	date = {2021},
}

@book{foster_database_2016,
	location = {Boca Raton},
	edition = {Third edition},
	title = {Database systems: a pragmatic approach},
	isbn = {978-1-03-221732-1 978-1-03-220202-0},
	shorttitle = {Database systems},
	abstract = {"This textbook is ideally suited for an undergraduate course in database systems. The discipline of database systems design and management is discussed within the context of software engineering. The student is made to understand from the outset that a database is a mission-critical component of a software system"–},
	pagetotal = {595},
	publisher = {{CRC} Press, Taylor \& Franciss Group},
	author = {Foster, Elvis C. and Godbole, Shripad},
	date = {2016},
	keywords = {Database design, Database management},
}

@book{revesz_introduction_2010,
	location = {London},
	title = {Introduction to databases: from biological to spatio-temporal},
	isbn = {978-1-84996-094-6 978-1-84996-095-3},
	series = {Texts in computer science},
	shorttitle = {Introduction to databases},
	pagetotal = {743},
	publisher = {Springer-Verlag},
	author = {Revesz, Peter},
	date = {2010},
	keywords = {Databases, Datenbank, Lehrbuch},
}

@book{schubert_datenbanken_2007,
	location = {Stuttgart Leipzig Wiesbaden},
	edition = {2., überarbeitete Auflage},
	title = {Datenbanken: Theorie, Entwurf und Programmierung relationaler Datenbanken},
	isbn = {978-3-8351-0163-0},
	series = {Lehrbuch Informatik},
	shorttitle = {Datenbanken},
	abstract = {Relationale Datenbanken haben auf dem Markt noch immer eine große Bedeutung, obwohl Weiterentwicklungen wie objektorientierte und objektrelationale Datenbanken im Kommen sind. Der Autor gibt, gestützt auf Vorlesungen an der {FH} Frankfurt, eine Einführung in Theorie und Praxis relationaler Datenbanken. Angesprochen werden in erster Linie Studierende und Informatiker in Unternehmen. Didaktisch gut durchdachte Darstellung; saubere Definitionen; Querverweise und Wiederholungen erleichtern das Verständnis und die Vertiefung des Stoffes. Eine "Roadmap" führt den Leser gut durch das Buch. Zusammenfassungen zu den einzelnen Kapiteln, Übungen. Alle Begriffe und Konzepte werden erläutert an der Beispieldatenbank "Allerhand" (Versandhaushandel). Interessante Alternative zu P. Kleinschmidt ({ID} 22/02). Schwerpunkte liegen bei der Optimierung von Datenbankzugriffen (Index- und Hashverfahren), bei der Analyse und dem Design von Datenstrukturen und Tabellen und bei Transaktionen (Wiederherstellung korrekter Datenzustände nach Systemabstürzen, konkurrierende Datenbankzugriffe). Ein Kurs über {SQL} ist auch enthalten. (3)},
	pagetotal = {356},
	publisher = {Teubner},
	author = {Schubert, Matthias},
	date = {2007},
}

@article{bertino_object-oriented_1991,
	title = {Object-oriented database management systems: concepts and issues},
	volume = {24},
	issn = {1558-0814},
	doi = {10.1109/2.76261},
	shorttitle = {Object-oriented database management systems},
	abstract = {Requirements imposed on both the object data model and object management by the support of complex objects are outlined. The basic concepts of an object-oriented data model are discussed. They are objects and object identifiers, aggregation, classes and instantiation mechanisms, metaclasses, and inheritance. Object-oriented models are compared with semantic, relational, and Codasyl models. Object-oriented query languages and query processing are considered. Some operational aspects of data management in object-oriented systems are examined. Schema evolution is discussed.{\textbackslash}textbackslashtextless{\textbackslash}textbackslashtextgreater},
	pages = {33--47},
	number = {4},
	journaltitle = {Computer},
	author = {Bertino, E. and Martino, L.},
	date = {1991-04},
	keywords = {Application software, Computer languages, Data models, Database systems, Object oriented databases, Object oriented modeling, Power system modeling, Research and development, Research and development management, Technology management},
}

@article{grivas_integrating_1996,
	title = {Integrating Active Concepts into an Object-Oriented Database System},
	abstract = {This paper describes the active, object-oriented database system {SAMOS} being developed as a research prototype. Its main approach is the integration of rules in the sense of active database systems into a general object-oriented data model. Our effort is also focussed on integrating the rule system with transaction processing in a meaningful way. 1 Introduction Object-oriented database systems ({ooDBS}) aim at representing more real-world semantics in the database than conventional ones; to this end, they provide mechanisms to model complex structures and to express userdefined (procedural) behavior. Active database systems are able to recognize specific situations (in the database and beyond) and to react to them without direct explicit user or application requests. The association between situations and (re)actions is specified by means of production rules. Thus, active databases allow to represent (a different kind of) real-world semantics, too, that are otherwise hidden in applicati...},
	author = {Grivas, Stella and Dittrich, Klaus},
	date = {1996-01-07},
}

@inproceedings{li_performance_2013,
	title = {A performance comparison of {SQL} and {NoSQL} databases},
	doi = {10.1109/PACRIM.2013.6625441},
	abstract = {With the current emphasis on “Big Data”, {NoSQL} databases have surged in popularity. These databases are claimed to perform better than {SQL} databases. In this paper we aim to independently investigate the performance of some {NoSQL} and {SQL} databases in the light of key-value stores. We compare read, write, delete, and instantiate operations on key-value stores implemented by {NoSQL} and {SQL} databases. Besides, we also investigate an additional operation: iterating through all keys. An abstract key-value pair framework supporting these basic operations is designed and implemented using all the databases tested. Experimental results measure the timing of these operations and we summarize our findings of how the databases stack up against each other. Our results show that not all {NoSQL} databases perform better than {SQL} databases. Some are much worse. And for each database, the performance varies with each operation. Some are slow to instantiate, but fast to read, write, and delete. Others are fast to instantiate but slow on the other operations. And there is little correlation between performance and the data model each database uses.},
	eventtitle = {2013 {IEEE} Pacific Rim Conference on Communications, Computers and Signal Processing ({PACRIM})},
	pages = {15--19},
	booktitle = {2013 {IEEE} Pacific Rim Conference on Communications, Computers and Signal Processing ({PACRIM})},
	author = {Li, Yishan and Manoharan, Sathiamoorthy},
	date = {2013-08},
	keywords = {Databases, Data models, Abstracts, Data handling, Database performance, Information management, Media, {NoSQL} databases, {SQL}, Time measurement},
}

@book{banker_mongodb_2016,
	title = {{MongoDB} in Action: Covers {MongoDB} version 3.0},
	isbn = {978-1-63835-356-0},
	shorttitle = {{MongoDB} in Action},
	abstract = {{SummaryMongoDB} in Action, Second Edition is a completely revised and updated version. It introduces {MongoDB} 3.0 and the document-oriented database model. This perfectly paced book gives you both the big picture you'll need as a developer and enough low-level detail to satisfy system engineers.Purchase of the print book includes a free {eBook} in {PDF}, Kindle, and {ePub} formats from Manning Publications.About the {TechnologyThis} document-oriented database was built for high availability, supports rich, dynamic schemas, and lets you easily distribute data across multiple servers. {MongoDB} 3.0 is flexible, scalable, and very fast, even with big data loads.About the {BookMongoDB} in Action, Second Edition is a completely revised and updated version. It introduces {MongoDB} 3.0 and the document-oriented database model. This perfectly paced book gives you both the big picture you'll need as a developer and enough low-level detail to satisfy system engineers. Lots of examples will help you develop confidence in the crucial area of data modeling. You'll also love the deep explanations of each feature, including replication, auto-sharding, and deployment.What's {InsideIndexes}, queries, and standard {DB} {operationsAggregation} and text {searchingMap}-reduce for custom aggregations and {reportingDeploying} for scale and high {availabilityUpdated} for Mongo 3.0 About the {ReaderWritten} for developers. No previous {MongoDB} or {NoSQL} experience is assumed.About the {AuthorsAfter} working at {MongoDB}, Kyle Banker is now at a startup. Peter Bakkum is a developer with {MongoDB} expertise. Shaun Verch has worked on the core server team at {MongoDB}. A Genentech engineer, Doug Garrett is one of the winners of the {MongoDB} Innovation Award for Analytics. A software architect, Tim Hawkins has led search engineering at Yahoo Europe. Technical Contributor: Wouter Thielen. Technical Editor: Mihalis Tsoukalos. Table of {ContentsPART} 1 {GETTING} {STARTEDA} database for the modern web {MongoDB} through the {JavaScript} shell Writing programs using {MongoDB} {PART} 2 {APPLICATION} {DEVELOPMENT} {IN} {MONGODBDocument}-oriented data Constructing queries Aggregation Updates, atomic operations, and deletes {PART} 3 {MONGODB} {MASTERYIndexing} and query optimization Text search {WiredTiger} and pluggable storage Replication Scaling your system with sharding Deployment and administration},
	pagetotal = {680},
	publisher = {Simon and Schuster},
	author = {Banker, Kyle and Garrett, Douglas and Bakkum, Peter and Verch, Shaun},
	date = {2016-03-29},
	keywords = {Computers / Business \& Productivity Software / Databases, Computers / Data Science / Data Analytics, Computers / Data Science / Data Modeling \& Design, Computers / Database Administration \& Management, Computers / Internet / Social Media, Computers / Internet / Web Programming, Computers / Languages / General, Computers / Languages / {JavaScript}, Computers / Languages / Ruby, Computers / Programming / General, Computers / Programming / Open Source, Computers / Software Development \& Engineering / General, Computers / Software Development \& Engineering / Tools},
}

@article{martinez_hernandez_service_2019,
	title = {Service Business Model Innovation: the digital twin technology},
	url = {https://www.repository.cam.ac.uk/handle/1810/288166},
	doi = {10.17863/CAM.35482},
	shorttitle = {Service Business Model Innovation},
	abstract = {This study is set up to investigate the effect of Digital Twins on service business model innovation. In other words, what effect do digital twins bring to existing service business models? A two-phases exploratory research was set up to understand this research enquiry. Phase One focused on the overall understanding of how {DT} are set, implemented and used. 37 interviewees across three large industrial engineering firms, in addition to two {DT} platforms architects. Phase Two focused on the study of the context of the use and effect on the firms’ service business models on three pairs of cases. Our research shows four generic types of service business models founded on the {DT} platform and their trajectories.},
	author = {Martinez Hernandez, Veronica and Neely, Andy and Ouyang, Audrey and Burstall, Caroline and Bisessar, Dav},
	urldate = {2023-02-14},
	date = {2019-01-18},
}

@article{adamenko_review_2020,
	title = {Review and comparison of the methods of designing the Digital Twin},
	volume = {91},
	issn = {2212-8271},
	url = {https://www.sciencedirect.com/science/article/pii/S2212827120307800},
	doi = {10.1016/j.procir.2020.02.146},
	series = {Enhancing design through the 4th Industrial Revolution Thinking},
	abstract = {Digitization is changing our world and industry. One of the flagships of the current industrial revolution, the so-called Industry 4.0, is the digital twin. The term digital twin is being widely discussed, but it is often unclear to the operators and contractors what added value can be generated from the digital twin and how business models can be shaped in the digital world due to unclear creation and updating procedures and costs. The deterrent factors are the large-scale effort of building the digital twin and synchronizing it with the real object. The partial models as well as the planning, live and historical data have to be integrated into a single framework. The goal of this paper is to analyze different applications and the possible design methods of the digital twin. Another aim is to present the advantages and disadvantages of the respective methods and to suggest suitable design methods for the selected applications.},
	pages = {27--32},
	journaltitle = {Procedia {CIRP}},
	shortjournal = {Procedia {CIRP}},
	author = {Adamenko, Dmytro and Kunnen, Steffen and Pluhnau, Robin and Loibl, André and Nagarajah, Arun},
	urldate = {2023-02-14},
	date = {2020-01-01},
	keywords = {Digital Twin},
}

@inproceedings{tiwari_introduction_2016,
	title = {An Introduction to {QR} Code Technology},
	doi = {10.1109/ICIT.2016.021},
	abstract = {{QR} i.e. "Quick Response" code is a 2D matrix code that is designed by keeping two points under consideration, i.e. it must store large amount of data as compared to 1D barcodes and it must be decoded at high speed using any handheld device like phones. {QR} code provides high data storage capacity, fast scanning, omnidirectional readability, and many other advantages including, error-correction (so that damaged code can also be read successfully) and different type of versions. Different varieties of {QR} code symbols like logo {QR} code, encrypted {QR} code, {iQR} Code are also available so that user can choose among them according to their need. Now these days, a {QR} code is applied in different application streams related to marketing, security, academics etc. and gain popularity at a really high pace. Day by day more people are getting aware of this technology and use it accordingly. The popularity of {QR} code grows rapidly with the growth of smartphone users and thus the {QR} code is rapidly arriving at high levels of acceptance worldwide.},
	eventtitle = {2016 International Conference on Information Technology ({ICIT})},
	pages = {39--44},
	booktitle = {2016 International Conference on Information Technology ({ICIT})},
	author = {Tiwari, Sumit},
	date = {2016-12},
	keywords = {Arrays, Decoding, Encoding, Error correction codes, Particle separators, {QR} code, {QR} Code Decoding, {QR} Code Encoding, {QR} code structure, Quick Response code, Timing, Uniform resource locators},
}

@article{ieee_ieee_2014,
	title = {{IEEE} Standard for Software Quality Assurance Processes},
	doi = {10.1109/IEEESTD.2014.6835311},
	abstract = {Requirements for initiating, planning, controlling, and executing the Software Quality Assurance processes of a software development or maintenance project are established in this standard. This standard is harmonized with the software life cycle process of {ISO}/{IEC}/{IEEE} 12207:2008 and the information content requirements of {ISO}/{IEC}/{IEEE} 15289:2011.},
	pages = {1--138},
	journaltitle = {{IEEE} Std 730-2014 (Revision of {IEEE} Std 730-2002)},
	author = {{IEEE}},
	date = {2014-06},
	keywords = {assurance, conformance, contract, cycle, {IEEE} 730({TM}), {IEEE} standards, management, project, Project management, quality, Quality assurance, Quality of service, requirements, software, Software quality, Software testing, {SQA}, standard},
}

@article{ieee_ieee_1990,
	title = {{IEEE} Standard Glossary of Software Engineering Terminology},
	doi = {10.1109/IEEESTD.1990.101064},
	abstract = {This {IEEE} Standards product is part of the family on Software Engineering. This standard identifies terms currently in use in the field of Software Engineering. Standard definitions for those terms are established.},
	pages = {1--84},
	journaltitle = {{IEEE} Std 610.12-1990},
	author = {{IEEE}},
	date = {1990-12},
	keywords = {Definitions, dictionary, glossary, Software engineering, Standards, terminology, Terminology},
}

@article{ieee_ieee_1998,
	title = {{IEEE} Standard for a Software Quality Metrics Methodology},
	doi = {10.1109/IEEESTD.1998.243394},
	abstract = {A methodology for establishing quality requirements and identifying, implementing, analyzing and validating the process and product software quality metrics is defined. The methodology spans the entire software life-cycle.},
	pages = {i--},
	journaltitle = {{IEEE} Std 1061-1998},
	author = {{IEEE}},
	date = {1998-12},
	keywords = {{IEEE} standards},
}

@book{laporte_software_2018,
	location = {Hoboken, {NJ}},
	edition = {1},
	title = {Software quality assurance},
	isbn = {978-1-119-31242-0 978-1-119-31241-3},
	abstract = {"This book introduces Software Quality Assurance ({SQA}) and provides an overview of standards used to implement {SQA}. It defines ways to assess the effectiveness of how one approaches software quality across key industry sectors such as telecommunications, transport, defense, and aerospace"–},
	pagetotal = {1},
	publisher = {Wiley-{IEEE} Computer Society, Inc},
	author = {Laporte, Claude Y. and April, Alain},
	date = {2018},
	keywords = {Computer software, Quality control, Quality control Standards, {TECHNOLOGY} \& {ENGINEERING} / Quality Control},
}

@book{tanenbaum_verteilte_2007,
	location = {Hallbergmoos, {GERMANY}},
	title = {Verteilte Systeme: Prinzipien und Paradigmen},
	isbn = {978-3-86326-668-4},
	url = {http://ebookcentral.proquest.com/lib/dhbw-mannheim/detail.action?docID=5583749},
	shorttitle = {Verteilte Systeme},
	abstract = {Verteilte Systeme: Grundlagen und Paradigmen 2., aktualisierte Auflage In dieser verbesserten und aktualisierten Ausgabe des Lehrbuchklassikers Verteilte Systeme stellen die Autoren Tanenbaum und Van Steen sowohl die Einzelheiten verteilter Systeme als auch die zugrunde liegenden Technologien vor. Ihre klare, umfassende und fesselnde Behandlung des Themas bildet einen hervorragenden Text für Dozenten und Studenten der Informatik, die eine systematische Behandlung der Prinzipien und Technologien von verteilten Systemen fordern.Die Autoren trennen die Prinzipien von den Paradigmen und erörtern vier verschiedene Klassen von verteilten Systemen. Dabei zeigen sie auf, in welcher Beziehung die Prinzipien miteinander stehen. Durch diesen Ansatz wird das komplexe Thema der verteilten Systeme leichter verständlich. Neu in dieser Auflage sind Kapitel zu System- und Softwarearchitekturen sowie Systeme mit Selbst-Management. Zudem findet im gesamten Buch eine erweiterte Behandlung von Peer-to-Peer-Systemen sowie die Virtualisierung und ihre Rolle in verteilten Systemen seinen Platz. Viele neue Beispiele und Fallstudien zur Veranschaulichung der Prinzipien von verteilten Systemen -insbesondere webbasierte Systeme- machen dieses Werk zu einem essentiellen Begleiter eines jeden Informatikers.Das Buch richtet sich an Studierende und Praktiker aus den Bereichen der Informatik und ihren verwandten Fächern. Umfangreiche Zusatzmaterialien runden dieses Lehrwerk ab. Architekturen Prozesse Kommunikation Benennung- und Namensysteme Synchronisierung Konsistenz und Replikation Fehlertoleranz Sicherheit Verteilte objektbasierte Systeme Verteilte Dateisysteme Verteilte webbasierte Systeme Verteilte koordinationsbasierte Systeme Die Autoren: Andrew S. Tanenbaum hat am M.I.T. den akademischen Grad eines Bachelor of Science erworben und an der University of California in Berkeley promoviert. Zurzeit ist er Professor für Informatik an der Vrije Universiteit in Amsterdam, wo er über 30 Jahre lang für Tausende von Studenten sehr beliebte Kurse über Betriebssysteme, Computerorganisation und Netzwerke gehalten hat. Darüber hinaus ist er der Co-Autor von fünf Büchern, die in über 20 Sprachen übersetzt wurden und weltweit verwendet werden. Außerdemist er der Autor von {MINIX}, der Inspirationsquelle und Grundlage für die Entwicklung von Linux. Maarten van Steen hat an der Universität von Twente angewandte Mathematik studiert und an der Universität von Leiden in Informatik promoviert. Zurzeit ist er Professor an der Vrije Universiteit Amsterdam, wo er an großmaßstäblichen verteilten Systemen arbeitet. Er lehrt über Betriebssysteme, Computernetzwerke und verteilte Systeme.},
	publisher = {Pearson Education Deutschland {GmbH}},
	author = {Tanenbaum, Andrew S. and van Steen, Maarten},
	urldate = {2023-03-14},
	date = {2007},
}

@book{pieprzyk_fundamentals_2003,
	location = {Berlin : New York},
	title = {Fundamentals of computer security},
	isbn = {978-3-540-43101-5},
	series = {Monographs in theoretical computer science},
	pagetotal = {677},
	publisher = {Springer},
	author = {Pieprzyk, Josef},
	date = {2003},
	keywords = {Computer security, Cryptography},
}

@book{eckert_it-sicherheit_2018,
	location = {München},
	edition = {10. Auflage},
	title = {{IT}-Sicherheit: Konzepte, Verfahren, Protokolle},
	isbn = {978-3-11-055158-7},
	series = {De Gruyter studium},
	shorttitle = {{IT}-Sicherheit},
	pagetotal = {1004},
	publisher = {De Gruyter Oldenburg},
	author = {Eckert, Claudia},
	date = {2018},
	keywords = {Computer security, Information technology, Security measures},
}

@article{harrison_protection_1976,
	title = {Protection in operating systems},
	volume = {19},
	issn = {0001-0782, 1557-7317},
	url = {https://dl.acm.org/doi/10.1145/360303.360333},
	doi = {10.1145/360303.360333},
	abstract = {A model of protection mechanisms in computing systems is presented and its appropriateness is argued. The “safety” problem for protection systems under this model is to determine in a given situation whether a subject can acquire a particular right to an object. In restricted cases, it can be shown that this problem is decidable, i.e. there is an algorithm to determine whether a system in a particular configuration is safe. In general, and under surprisingly weak assumptions, it cannot be decided if a situation is safe. Various implications of this fact are discussed.},
	pages = {461--471},
	number = {8},
	journaltitle = {Communications of the {ACM}},
	shortjournal = {Commun. {ACM}},
	author = {Harrison, Michael A. and Ruzzo, Walter L. and Ullman, Jeffrey D.},
	urldate = {2023-03-14},
	date = {1976-08},
}

@collection{neumayr_zukunftswerkstatt_2018,
	location = {Berlin [Heidelberg]},
	title = {Zukunftswerkstatt Rettungsdienst: innovative Projekte im Rettungs- und Notarztwesen},
	isbn = {978-3-662-56634-3 978-3-662-56633-6},
	shorttitle = {Zukunftswerkstatt Rettungsdienst},
	pagetotal = {238},
	publisher = {Springer},
	editor = {Neumayr, Agnes and Baubin, Michael and Schinnerl, Adolf},
	date = {2018},
	file = {Table of Contents PDF:C\:\\Users\\Kiro\\Zotero\\storage\\M6D528ZH\\Neumayr et al. - 2018 - Zukunftswerkstatt Rettungsdienst innovative Proje.pdf:application/pdf},
}

@inproceedings{dadam_integration_1984,
	title = {Integration of time versions into a relational database system.},
	volume = {84},
	pages = {509--522},
	booktitle = {{VLDB}},
	author = {Dadam, Peter and Lum, Vincent Y and Werner, {HD}},
	date = {1984},
}

@collection{sharma_knowledge_2022,
	title = {Knowledge Engineering for Modern Information Systems: Methods, Models and Tools},
	isbn = {978-3-11-071363-3},
	url = {https://www.degruyter.com/document/doi/10.1515/9783110713633/html},
	shorttitle = {Knowledge Engineering for Modern Information Systems},
	publisher = {De Gruyter},
	editor = {Sharma, Anand and Kautish, Sandeep and Agrawal, Prateek and Madaan, Vishu and Gupta, Charu and Nanda, Saurav},
	urldate = {2023-04-15},
	date = {2022-01-19},
	doi = {10.1515/9783110713633},
}

@online{noauthor_infografik_2012,
	title = {Infografik: Mobile Web World - Seitenaufrufe durch mobile Geräte 2011/2012},
	url = {https://de-statista-com.ezproxy-dhma-2.redi-bw.de/infografik/96/anteil-mobiler-endgeraete-an-seitenaufrufen-weltweit},
	shorttitle = {Infografik},
	abstract = {Anteil mobiler Endgeräte an allen Seitenaufrufen im Mai 2011 und 2012 nach Kontinenten.},
	titleaddon = {Statista Infografiken},
	urldate = {2023-04-15},
	date = {2012-05-30},
	langid = {german},
}

@online{noauthor_anteil_nodate,
	title = {Anteil mobiler Endgeräte an allen Seitenaufrufen 2022},
	url = {https://de-statista-com.ezproxy-dhma-2.redi-bw.de/statistik/daten/studie/217457/umfrage/anteil-mobiler-endgeraete-an-allen-seitenaufrufen-weltweit/},
	abstract = {Diese Statistik zeigt den Anteil mobiler Geräte an allen Seitenaufrufen weltweit nach Regionen weltweit im Jahr 2022.},
	titleaddon = {Statista},
	urldate = {2023-04-15},
	langid = {german},
}

@online{noauthor_daten_nodate,
	title = {Daten - Volumen der weltweit generierten Daten 2025},
	url = {https://de.statista.com/statistik/daten/studie/267974/umfrage/prognose-zum-weltweit-generierten-datenvolumen/},
	abstract = {Die Statistik befasst sich mit dem jährlichen digitalen Datenaufkommen bis 2025.},
	titleaddon = {Statista},
	urldate = {2023-04-15},
	langid = {german},
}

@online{noauthor_mobile_nodate,
	title = {Mobile Internetnutzer - Anteil nach Geschlecht 2022},
	url = {https://de-statista-com.ezproxy-dhma-2.redi-bw.de/statistik/daten/studie/472363/umfrage/anteil-der-mobilen-internetnutzer-nach-geschlecht-in-deutschland/},
	abstract = {Im Jahr 2022 nutzten 74 Prozent der männlichen Bevölkerung in Deutschland mindestens wöchentlich das Internet unterwegs.},
	titleaddon = {Statista},
	urldate = {2023-04-15},
	langid = {german},
}
